 @misc{magazine_2021,
  title     = {Dolphins spotted in Venice's Grand Canal-for real this time},
  url       = {https://www.smithsonianmag.com/smart-news/dolphins-spotted-venices-grand-canal-real-time-180977403},
  journal   = {Smithsonian.com},
  publisher = {Smithsonian Institution},
  author    = {Magazine, Smithsonian},
  year      = {2021},
  month     = {Apr}
}
 
 @misc{akinsorotan,
  title     = {Corona virus pandemic: Implication on Biodiversity Conservation},
  url       = {https://www.frontiersin.org/articles/10.3389/frwa.2021.635529/full},
  journal   = {Frontiers},
  publisher = {Frontiers},
  author    = {Akinsorotan, Oluseun A. and Olaniyi, Oluwatobi E. and Adeyemi, Ayomide A. and Olasunkanmi, Adeola H.},
  year      = {1AD},
  month     = {Jan}
}
 
  @misc{bates,
  title     = {Global covid-19 lockdown highlights humans as both threats and custodians of the environment},
  url       = {https://www.ncbi.nlm.nih.gov/pmc/articles/PMC8135229/},
  journal   = {Biological conservation},
  publisher = {Published by Elsevier Ltd.},
  author    = {Bates, Amanda E and Primack, Richard B and Biggar, Brandy S and Bird, Tomas J and Clinton, Mary E and Command, Rylan J and Richards, Cerren and Shellard, Marc and Geraldi, Nathan R and Vergara, Valeria and et al.},
  year      = {2021},
  month     = {Nov}
}
  
@inproceedings{un22,
  author = {UN News},
  title  = {COVID-19 variants, rising debt, threaten global economic growth: World Bank},
  year   = {2022},
  volume = {},
  number = {},
  pages  = {1-6}
},
  
@inproceedings{hristine22,
  author = {Christine Arriola},
  title  = {International trade during the COVID-19 pandemic: Big shifts and uncertainty},
  year   = {2022},
  volume = {},
  number = {},
  pages  = {1-6}
}
  
@inproceedings{zhejiang21,
  author = {Zhejiang Yuexiu},
  title  = {Effects of Pandemic Outbreak on Economies: Evidence From Business History Context},
  year   = {2021},
  doi    = {https://doi.org/10.3389/fpubh.2021.632043}
}
  